@article{Basuchowdhuri2018,
author="Basuchowdhuri, Partha
and Sikdar, Satyaki
and Nagarajan, Varsha
and Mishra, Khusbu
and Gupta, Surabhi
and Majumder, Subhashis",
title="Fast detection of community structures using graph traversal in social networks",
journal="Knowledge and Information Systems",
year="2018",
month="May",
day="31",
issn="0219-3116",
doi="10.1007/s10115-018-1209-7",
url="https://doi.org/10.1007/s10115-018-1209-7"
}

@article{allwright1995comparison,
  title={A comparison of parallel graph coloring algorithms},
  author={Allwright, JR and Bordawekar, R and Coddington, PD and Dincer, K and Martin, CL},
  journal={Technical report, SCCS-666, Northeast Parallel Architectures Center at Syracuse University},
  year={1995}
}